@article{GraphiteCif,
	author	= "O. Hassel, H. Mark",
	title	= "Über die Kristallstruktur des Graphits",
	journal	= "Zeitschrift für Physik",
	volume	= 25,
	year	= 1924,
	pages	= "317--337"
}

@article{HohenbergKohn,
	author	= "P. Hohenberg, W. Kohn",
	title	= "Inhomogeneous Electron Gas",
	journal	= "Physical Review",
	volume	= 136,
	number  = "3b",
	year	= 1964,
	pages	= "864--871"
}

@article{FPLO,
	author	= "Klaus Koepernik, Helmut Eschrig",
	title	= "Full-potential nonorthogonal local-orbital minimum-basis band-structure scheme",
	journal	= "Physical Review",
	volume	= 59,
	number  = "3b",
	year	= 1991,
	pages	= "1743--1757"
}

@article{grapheneProperties,
	author	= "A. H. Castro Neto, F. Guinea, N. M. R. Peres, K. S. Novoselov and A. K. Geim",
	title	= "The electronic properties of graphene",
	journal	= "Physical Review",
	volume	= 81,
	number  = "1",
	year	= 2009,
	pages	= "109--161"
}

@article{KohnSham,
	author	= "W. Kohn, L. J. Sham",
	title	= "Self-Consistent Equations Including Exchange and Correlation Effects",
	journal	= "Physical Review",
	volume	= 140,
	number 	= "4A",
	year	= 1965,
	pages	= "864--871"
}

@misc{DFTWIEN2k,
	author	= "Stefaan Cottenier",
	title	= "Density Functional Theory and the Family of (L) APW-methods: a step-by-step introduction",
	year	= 2013,
}

@article{BC3,
	author	= "David Tománek",
	title	= "Calculation of electronic and structural properties of BC$_3$",
	journal	= "Physical Review",
	volume	= 37,
	number 	= "6B",
	year	= 1988,
	pages	= "3134--3136"
}

@article{GGA,
	author	= "John P. Perdew, Kieron Burke, Matthias Ernzerhof",
	title	= "Generalized Gradient Approximation Made Simple",
	journal	= "Physical Review Letters",
	volume	= 77,
	number 	= "18",
	year	= 1996,
	pages	= "3865--3686"
}

@misc{grapheneIntroduction,
	author 	= "Jean-Noel Fuchs, Mark Oliver Goerbig",
	year 	= 2008,
	title	= "Introduction to the Physical Properties of Graphene",
	NOTE	= "Lecture Notes"
}

@misc{enWikiAllotropesOfCarbon,
  title        = "Allotropes of carbon",
  year         = "2014",
  howpublished = "Website",
  NOTE         = "Wikipedia article 
                  \url{http://en.wikipedia.org/wiki/Allotropes_of_carbon};
                  called on the 3\textsuperscript{th} of September 2014"
}

@misc{deWikiGraphen,
  title        = "Graphen",
  year         = "2014",
  howpublished = "Website",
  NOTE         = "Wikipedia article 
                  \url{http://de.wikipedia.org/wiki/Graphen};
                  called on the 3\textsuperscript{th} of September 2014"
}

@misc{DFTValenti,
  author	= "Roser Valenti",
  title        = "Lecture : Introduction to Density Functional Theory",
  year         = "2009",
  howpublished = "Website",
  NOTE         = "Institut für theoretische Physik, Goethe Universität Frankfurt"
}


@book{DJG01,
	author		= "David J. Griffiths",
	title		= "Introduction to Quantum Mechanics",
	publisher	= "Pearson",
	year		= 2004,
	edition 	= 2
}

@book{DFTEngel,
	author		= "Eberhard Engel, Reiner M. Dreizler",
	title		= "Density Functional Theory : Advanced Course",
	publisher	= "Springer",
	year		= 2011,
	edition 	= 1
}


@book{Festkoerperphysik_RG_AM,
	author 		= "Rudolph Gross, Achim Marx",
	title		= "Festkörperphysik",
	publisher 	= "Oldenbourg Verlag",
	year		= 2012,
	edition		= 1,
	month		= sep
}

@book{Festkoerperphysik_Ashcroft,
	author 		= "Neil W. Ashcroft, David N. Mermin",
	title		= "Festkörperphysik",
	publisher 	= "Oldenbourg Verlag",
	year		= 2007,
	edition		= 3,
	month		= jun
}

@book{ElectronicStructureBook,
	author 		= "Richard M. Martin",
	title		= "Electronic Structure Basic Theory and Practical Methods",
	publisher 	= "Cambridge University Press",
	year		= 2008,
	edition		= 1,
	month		= oct
}